% BibTeX database for the MSc_Thesis.tex

%%%%%%%%%%%%%%%%%%%%%%%%%%%%%%%%%%%%%%%%%%%%%%%%%%%%%%%%%%
% TEMPLATES
%%%%%%%%%%%%%%%%%%%%%%%%%%%%%%%%%%%%%%%%%%%%%%%%%%%%%%%%%%

%%%%% An article from a journal or magazine.
%
%article{
%  % Required fields:
%  author  = {},
%  title   = {},
%  journal = {},
%  year    = {},
%  % Optional fields:
%  volume  = {},
%  number  = {},
%  pages   = {},
%  month   = {},
%  note    = {}
%}
%
%%%%% A book with an explicit publisher.
%
%book{
%  % Required fields:
%  author    = {}, % or editor
%  editor    = {},
%  title     = {},
%  publisher = {},
%  year      = {},
%  % Optional fields:
%  volume    = {},
%  number    = {},
%  series    = {},
%  address   = {},
%  edition   = {},
%  month     = {},
%  note      = {}
%}
%
%%%%% A work that is printed and bound, but without a named publisher or sponsoring institution.
%
%booklet{
%  % Required field:
%  title        = {},
%  % Optional fields:
%  author       = {},
%  howpublished = {},
%  address      = {},
%  month        = {},
%  year         = {},
%  note         = {}
%}
%
%%%%% The same as INPROCEEDINGS}, included for Scribe compatibility.
%
%conference{
%}
%
%%%%% A part of a book, which may be a chapter (or section or whatever) and/or a range of pages.
%
%inbook{
%  % Required fields:
%  author    = {}, % or editor
%  editor    = {},
%  title     = {},
%  chapter   = {}, % and/or pages
%  pages     = {},
%  publisher = {},
%  year      = {},
%  % Optional fields:
%  volume    = {}, % or number
%  number    = {},
%  series    = {},
%  type      = {},
%  address   = {},
%  edition   = {},
%  month     = {},
%  note      = {}
%}
%
%%%%% A part of a book having its own title.
%
%incollection{
%  % Required fields:
%  author    = {},
%  title     = {},
%  booktitle = {},
%  publisher = {},
%  year      = {},
%  % Optional fields:
%  editor    = {},
%  volume    = {}, % or number
%  number    = {},
%  series    = {},
%  type      = {},
%  chapter   = {},
%  pages     = {},
%  address   = {},
%  edition   = {},
%  month     = {},
%  note      = {}
%}
%
%%%%% An article in a conference proceedings.
%
%inproceedings{
%  % Required fields:
%  author       = {},
%  title        = {},
%  booktitle    = {},
%  year         = {},
%  % Optional fields:
%  editor       = {},
%  volume       = {}, % or number
%  number       = {},
%  series       = {},
%  pages        = {},
%  address      = {},
%  month        = {},
%  organization = {},
%  publisher    = {},
%  note         = {}
%}
%
%%%%% Technical documentation.
%
%manual{
%  % Required field:
%  title        = {},
%  % Optional fields:
%  author       = {},
%  organization = {},
%  address      = {},
%  edition      = {},
%  month        = {},
%  year         = {},
%  note         = {}
%}
%
%%%%% A Master's thesis.
%
%mastersthesis{
%  % Required fields:
%  author  = {},
%  title   = {},
%  school  = {},
%  year    = {},
%  % Optional fields:
%  type    = {},
%  address = {},
%  month   = {},
%  note    = {}
%}
%
%%%%% Use this type when nothing else fits.
%
%misc{
%  % Required fields: none.
%  % Optional fields:
%  author       = {},
%  title        = {},
%  howpublished = {},
%  month        = {},
%  year         = {},
%  note         = {}
%}
%
%%%%% A PhD thesis.
%
%phdthesis{
%  % Required fields:
%  author  = {},
%  title   = {},
%  school  = {},
%  year    = {},
%  % Optional fields:
%  type    = {},
%  address = {},
%  month   = {},
%  note    = {}
%}
%
%%%%% The proceedings of a conference.
%
%proceedings{
%  % Required fields:
%  title        = {},
%  year         = {},
%  % Optional fields:
%  editor       = {},
%  volume       = {}, % or number
%  number       = {},
%  series       = {},
%  address      = {},
%  month        = {},
%  organization = {},
%  publisher    = {},
%  note         = {},
%}
%
%%%%% A report published by a school or other institution, usually numbered within a series.
%
%techreport{
%  % Required fields:
%  author      = {},
%  title       = {},
%  institution = {},
%  year        = {},
%  % Optional fields:
%  type        = {},
%  number      = {},
%  address     = {},
%  month       = {},
%  note        = {}
%}
%
%%%%% A document having an author and title, but not formally published.
%
%unpublished{
%  % Required fields:
%  author = {},
%  title  = {},
%  note   = {},
%  % Optional fields:
%  month  = {},
%  year   = {}
%}

%%%%%%%%%%%%%%%%%%%%%%%%%%%%%%%%%%%%%%%%%%%%%%%%%%%%%%%%%%
% References
%%%%%%%%%%%%%%%%%%%%%%%%%%%%%%%%%%%%%%%%%%%%%%%%%%%%%%%%%%


% cb2Bib 2.0.0
@incollection{Johnson16p2946,
title        = {{Composing graphical models with neural networks for structured representations and fast inference}},
author       = {M. Johnson and D. K. Duvenaud and A. Wiltschko and R. P. Adams and S. R. Datta},
booktitle    = {{Advances in Neural Information Processing Systems 29}},
pages        = {2946 - 2954},
year         = {2016},
editor       = {D. D. Lee and M. Sugiyama and U. V. Luxburg and I. Guyon and R. Garnett},
publisher    = {Curran Associates, Inc.},
url          = {http://papers.nips.cc/paper/6379-composing-graphical-models-with-neural-networks-for-structured-representations-and-fast-inference.pdf}
}

@inproceedings{lin2018variational,
title={Variational Message Passing with Structured Inference Networks},
author={Wu Lin and Mohammad Emtiyaz Khan and Nicolas Hubacher},
booktitle={International Conference on Learning Representations},
year={2018},
url={https://openreview.net/forum?id=HyH9lbZAW},
}

@misc{1812.03511,
Author = {Yibo Yang and Paris Perdikaris},
Title = {Physics-informed deep generative models},
Year = {2018},
Eprint = {arXiv:1812.03511},
}

@article{chaitin-leibniz,
  author      = {Chaitin, Gregory},
  title       = {Doing Mathematics Differently},
  journal     = {Inference - International Review of Science},
  year        = {2016},
  volume      = {Volume Two},
  number      = {Issue One},
  month       = {February},
  url         = {https://inference-review.com/article/doing-mathematics-differently}
}

@article{Blei2016Jan,
    author = {Blei, David M. and Kucukelbir, Alp and McAuliffe, Jon D.},
    title = {{Variational Inference: A Review for Statisticians}},
    journal = {arXiv},
    year = {2016},
    month = {Jan},
    eprint = {1601.00670},
    doi = {10.1080/01621459.2017.1285773}
}

@article{Locatello2018Apr,
    author = {Locatello, Francesco and Vincent, Damien and Tolstikhin, Ilya and R{\ifmmode\ddot{a}\else\"{a}\fi}tsch, Gunnar and Gelly, Sylvain and Sch{\ifmmode\ddot{o}\else\"{o}\fi}lkopf, Bernhard},
    title = {{Competitive Training of Mixtures of Independent Deep Generative Models}},
    journal = {arXiv},
    year = {2018},
    month = {Apr},
    eprint = {1804.11130},
    url = {https://arxiv.org/abs/1804.11130}
}

@article{Ardizzone2018Aug,
    author = {Ardizzone, Lynton and Kruse, Jakob and Wirkert, Sebastian and Rahner, Daniel and Pellegrini, Eric W. and Klessen, Ralf S. and Maier-Hein, Lena and Rother, Carsten and K{\ifmmode\ddot{o}\else\"{o}\fi}the, Ullrich},
    title = {{Analyzing Inverse Problems with Invertible Neural Networks}},
    journal = {arXiv},
    year = {2018},
    month = {Aug},
    eprint = {1808.04730},
    url = {https://arxiv.org/abs/1808.04730}
}

@article{Belkin2018Dec,
    author = {Belkin, Mikhail and Hsu, Daniel and Ma, Siyuan and Mandal, Soumik},
    title = {{Reconciling modern machine learning and the bias-variance trade-off}},
    journal = {arXiv},
    year = {2018},
    month = {Dec},
    eprint = {1812.11118},
    url = {https://arxiv.org/abs/1812.11118}
}

@book{mostafa-learning-data,
   title =     {Learning From Data. A short course},
   author =    {Yaser S. Abu-Mostafa, Malik Magdon-Ismail, Hsuan-Tien Lin},
   publisher = {AMLBook},
   isbn =      {1600490069, 978-1600490064},
   year =      {2012},
   series =    {},
   edition =   {},
   volume =    {},
   url =       {http://gen.lib.rus.ec/book/index.php?md5=71adde9248ac4054b474a956d826033b}
}
